<?xml version="1.0" encoding="UTF-8"?><collection xmlns="http://www.loc.gov/MARC21/slim"><record><leader>00618nam--2200181-u-4500</leader><controlfield tag="001">000054371</controlfield><controlfield tag="002">20161230</controlfield><controlfield tag="005">20161230201051</controlfield><controlfield tag="008">111130s1000------------r-----000-0-eng-d</controlfield><datafield ind1=" " ind2=" " tag="040"><subfield code="a">IFIN-HH</subfield></datafield><datafield ind1=" " ind2=" " tag="080"><subfield code="a">539.125.164.07(047.3)</subfield></datafield><datafield ind1="1" ind2=" " tag="100"><subfield code="a">Montizaan, J</subfield></datafield><datafield ind1="1" ind2="0" tag="245"><subfield code="a">Fast neutron spectrum measurements with a proton recoil spectrometer in the fast-thermal coupled critical facility stek, september 1977</subfield><subfield code="c">J. montizaan, h. ames</subfield></datafield><datafield ind1=" " ind2=" " tag="260"><subfield code="a">Etten, The Netherlands</subfield><subfield code="b">Netherlands Energy Research Foundation (Ecn)</subfield><subfield code="c">1977</subfield></datafield><datafield ind1=" " ind2=" " tag="300"><subfield code="a">72P</subfield></datafield><datafield ind1="1" ind2=" " tag="700"><subfield code="a">Ames, H</subfield></datafield><datafield ind1=" " ind2=" " tag="852"><subfield code="a">45618</subfield><subfield code="c">539.12</subfield></datafield><datafield ind1=" " ind2=" " tag="CAT"><subfield code="a">Sys</subfield><subfield code="c">20111130</subfield><subfield code="h">093656</subfield></datafield></record></collection>